@misc{gitorange,
    howpublished = "\url{https://github.com/biolab/orange3}"
}

@BOOK{Tufte2006,
	author = {Edward R. Tufte},
	title = {Beautiful Evidence},
	year = {2006},
	publisher = {Graphics Press, {LLC}},
	month = {May},
	edition = {First},
	place = {Cheshire, Connecticut},
	isbn = {0-9613921-7-7}
}

@BOOK{Tufte2001,
	author = {Edward R. Tufte},
	title = {The Visual Display of Quantitative Information},
	publisher = {Graphics Press},
	year = {2001},
	address = {Cheshire, Connecticut},
	isbn = {0-9613921-4-2}
}

@BOOK{Tufte1990,
	author = {Edward R. Tufte},
	title = {Envisioning Information},
	publisher = {Graphics Press},
	year = {1990},
	address = {Cheshire, Connecticut},
	isbn = {0-9613921-1-8}
}

@BOOK{Tufte1997,
	author = {Edward R. Tufte},
	title = {Visual Explanations},
	publisher = {Graphics Press},
	year = {1997},
	address = {Cheshire, Connecticut},
	isbn = {0-9613921-2-6}
}

@BOOK{Bringhurst2005,
	author = {Robert Bringhurst},
	title = {The Elements of Typography},
	publisher = {Hartley \& Marks},
	year = {2005},
	edition = {3.1},
	isbn = {0-88179-205-5}
}

@article{godec2019democratized,
  title={Democratized image analytics by visual programming through integration of deep models and small-scale machine learning},
  author={Godec, Primo{\v{z}} and Pan{\v{c}}ur, Matja{\v{z}} and Ileni{\v{c}}, Nejc and {\v{C}}opar, Andrej and Stra{\v{z}}ar, Martin and Erjavec, Ale{\v{s}} and Pretnar, Ajda and Dem{\v{s}}ar, Janez and Stari{\v{c}}, An{\v{z}}e and Toplak, Marko and others},
  journal={Nature communications},
  volume={10},
  number={1},
  pages={1--7},
  year={2019},
  publisher={Nature Publishing Group}
}

@article{godec2021explainable,
  title={Explainable Point-Based Document Visualizations},
  author={Godec, Primo{\v{z}} and {\DH}uki{\'c}, Nikola and Pretnar, Ajda and Tanko, Vesna and {\v{Z}}agar, Lan and Zupan, Bla{\v{z}}},
  journal={arXiv preprint arXiv:2110.00462},
  year={2021}
}

@article{demvsar2013orange,
  title={Orange: data mining toolbox in Python},
  author={Dem{\v{s}}ar, Janez and Curk, Toma{\v{z}} and Erjavec, Ale{\v{s}} and Gorup, {\v{C}}rt and Ho{\v{c}}evar, Toma{\v{z}} and Milutinovi{\v{c}}, Mitar and Mo{\v{z}}ina, Martin and Polajnar, Matija and Toplak, Marko and Stari{\v{c}}, An{\v{z}}e and others},
  journal={the Journal of machine Learning research},
  volume={14},
  number={1},
  pages={2349--2353},
  year={2013},
  publisher={JMLR. org}
}

